% Use this file for citations not found in the ACL Anthology (contained in "anthology.bib").

@online{wikidump,
    author = {Wikimedia Foundation},
    title  = {Wikimedia Downloads},
    year   = {2023},
    url    = {https://dumps.wikimedia.org}
}
@InProceedings{jindal-EtAl:2022:LREC,
  author         = {Jindal, Ishan  and  Rademaker, Alexandre  and  Ulewicz, Micha{\l} and  Linh, Ha  and  Nguyen, Huyen  and  Tran, Khoi-Nguyen  and  Zhu, Huaiyu  and  Li, Yunyao},
  title          = {Universal Proposition Bank 2.0},
  booktitle      = {Proceedings of the Language Resources and Evaluation Conference},
  month          = {June},
  year           = {2022},
  address        = {Marseille, France},
  publisher      = {European Language Resources Association},
  pages          = {1700--1711},
  url            = {https://aclanthology.org/2022.lrec-1.181}
}

@inproceedings{akbik-etal-2015-generating,
    title = "Generating High Quality Proposition {B}anks for Multilingual Semantic Role Labeling",
    author = "Akbik, Alan  and
      Chiticariu, Laura  and
      Danilevsky, Marina  and
      Li, Yunyao  and
      Vaithyanathan, Shivakumar  and
      Zhu, Huaiyu",
    booktitle = "Proceedings of the 53rd Annual Meeting of the Association for Computational Linguistics and the 7th International Joint Conference on Natural Language Processing (Volume 1: Long Papers)",
    month = jul,
    year = "2015",
    address = "Beijing, China",
    publisher = "Association for Computational Linguistics",
    url = "https://aclanthology.org/P15-1039",
    doi = "10.3115/v1/P15-1039",
    pages = "397--407",
}

@article{10.1162/0891201053630264,
    author = {Palmer, Martha and Gildea, Daniel and Kingsbury, Paul},
    title = {The Proposition Bank: An Annotated Corpus of Semantic Roles},
    journal = {Computational Linguistics},
    volume = {31},
    number = {1},
    pages = {71-106},
    year = {2005},
    month = {03},
    issn = {0891-2017},
    doi = {10.1162/0891201053630264},
    url = {https://doi.org/10.1162/0891201053630264},
    eprint = {https://direct.mit.edu/coli/article-pdf/31/1/71/1798172/0891201053630264.pdf},
}

@Inbook{Bhat2017,
author="Bhat, Riyaz Ahmad
and Bhatt, Rajesh
and Farudi, Annahita
and Klassen, Prescott
and Narasimhan, Bhuvana
and Palmer, Martha
and Rambow, Owen
and Sharma, Dipti Misra
and Vaidya, Ashwini
and Ramagurumurthy Vishnu, Sri
and Xia, Fei",
editor="Ide, Nancy
and Pustejovsky, James",
title="The Hindi/Urdu Treebank Project",
bookTitle="Handbook of Linguistic Annotation",
year="2017",
publisher="Springer Netherlands",
address="Dordrecht",
pages="659--697",
isbn="978-94-024-0881-2",
doi="10.1007/978-94-024-0881-2_24",
url="https://doi.org/10.1007/978-94-024-0881-2_24"
}

@inproceedings{Radford2019LanguageMA,
  title={Language Models are Unsupervised Multitask Learners},
  author={Alec Radford and Jeff Wu and Rewon Child and David Luan and Dario Amodei and Ilya Sutskever},
  year={2019},
  url={https://api.semanticscholar.org/CorpusID:160025533}
}

@article{elhage2021mathematical,
  title={A mathematical framework for transformer circuits},
  author={Elhage, Nelson and Nanda, Neel and Olsson, Catherine and Henighan, Tom and Joseph, Nicholas and Mann, Ben and Askell, Amanda and Bai, Yuntao and Chen, Anna and Conerly, Tom and others},
  journal={Transformer Circuits Thread},
  volume={1},
  number={1},
  pages={12},
  year={2021}
}

@article{verma1970word,
  title={Word order in Hindi},
  author={Verma, Shivendra Kishore},
  journal={Archiv orientalni},
  volume={38},
  pages={28--32},
  year={1970},
  publisher={Orient{\'a}ln{\'\i}ustav}
}
@inproceedings{vaidya-etal-2011-analysis,
    title = "Analysis of the {H}indi {P}roposition {B}ank using Dependency Structure",
    author = "Vaidya, Ashwini  and
      Choi, Jinho  and
      Palmer, Martha  and
      Narasimhan, Bhuvana",
    editor = "Ide, Nancy  and
      Meyers, Adam  and
      Pradhan, Sameer  and
      Tomanek, Katrin",
    booktitle = "Proceedings of the 5th Linguistic Annotation Workshop",
    month = jun,
    year = "2011",
    address = "Portland, Oregon, USA",
    publisher = "Association for Computational Linguistics",
    url = "https://aclanthology.org/W11-0403/",
    pages = "21--29"
}